<record><leader>00000cas a22000007a 4500</leader><controlfield tag="001">27213366</controlfield><controlfield tag="008">930108d18781890moudr ne      0    0eng d</controlfield><datafield ind1=" " ind2=" " tag="010"><subfield code="a">sn 93059928 </subfield></datafield><datafield ind1=" " ind2=" " tag="040"><subfield code="a">MQN</subfield><subfield code="b">eng</subfield><subfield code="c">MQN</subfield><subfield code="d">OCLCQ</subfield></datafield><datafield ind1=" " ind2=" " tag="042"><subfield code="a">msc</subfield></datafield><datafield ind1="0" ind2=" " tag="130"><subfield code="a">St. Joseph daily gazette (Saint Joseph, Mo. : 1878)</subfield></datafield><datafield ind1="1" ind2="4" tag="245"><subfield code="a">The St. Joseph daily gazette.</subfield></datafield><datafield ind1="3" ind2="0" tag="246"><subfield code="a">Saint Joseph daily gazette</subfield></datafield><datafield ind1="3" ind2="0" tag="246"><subfield code="a">St. Joseph Sunday gazette</subfield></datafield><datafield ind1="3" ind2="0" tag="246"><subfield code="a">Saint Joseph Sunday gazette</subfield></datafield><datafield ind1=" " ind2=" " tag="260"><subfield code="a">Saint Joseph, Mo. :</subfield><subfield code="b">Gazette-Chronicle Co.,</subfield><subfield code="c">1878-1890.</subfield></datafield><datafield ind1=" " ind2=" " tag="300"><subfield code="a">v.</subfield></datafield><datafield ind1=" " ind2=" " tag="310"><subfield code="a">Daily,</subfield><subfield code="b">Apr. 2, 1888-1890</subfield></datafield><datafield ind1=" " ind2=" " tag="321"><subfield code="a">Daily (except Mon.),</subfield><subfield code="b">June 28, 1878-Apr. 1, 1888</subfield></datafield><datafield ind1="0" ind2=" " tag="362"><subfield code="a">Vol. 34, no. 148 (June 28, 1878)-v. 46, no. 361 (Dec. 31, 1890).</subfield></datafield><datafield ind1=" " ind2=" " tag="500"><subfield code="a">On Sundays published as: St. Joseph Sunday gazette, Nov. 23-Dec. 28, 1890.</subfield></datafield><datafield ind1=" " ind2="4" tag="651"><subfield code="a">Saint Joseph (Mo.)</subfield><subfield code="v">Newspapers.</subfield></datafield><datafield ind1=" " ind2=" " tag="752"><subfield code="a">United States</subfield><subfield code="b">Missouri</subfield><subfield code="c">Buchanan</subfield><subfield code="d">Saint Joseph.</subfield></datafield><datafield ind1="0" ind2=" " tag="775"><subfield code="t">St. Joseph weekly gazette (Saint Joseph, Mo. : 1878)</subfield><subfield code="w">(DLC)sn 86063679</subfield></datafield><datafield ind1="0" ind2="0" tag="780"><subfield code="t">St. Joseph gazette-chronicle (Saint Joseph, Mo. : Daily)</subfield><subfield code="w">(DLC)sn 93059927</subfield></datafield><datafield ind1="0" ind2="0" tag="785"><subfield code="t">St. Joseph gazette (Saint Joseph, Mo. : 1891 : Daily)</subfield><subfield code="w">(DLC)sn 90061452</subfield></datafield><datafield ind1="1" ind2=" " tag="029"><subfield code="a">AU@</subfield><subfield code="b">000020714073</subfield></datafield></record>